@Article{WPL2006,
title = {Fitting B-Spline Curves to Point Clouds by Curvature-Based Squared Distance Minimization},
author = {Wenping Wang and Helmut Pottmann and Yang Liu},
journal = {ACM Transactions on Graphics},
year = {2006},
volume = {25},
number = {2},
pages = {214-238}
}

@Techreport{Pekelny2005,
title = {Implementation of Fitting B-Spline Curves to Point Clouds by Curvature-Based Squared Distance Minimization},
author = {Yuri Pekelny},
institution = {unknown},
year = {2005}
}